<record><leader>00000cas a2200000 a 4500</leader><controlfield tag="001">11239606</controlfield><controlfield tag="008">841008d18891905ksuwr ne      0   a0eng d</controlfield><datafield ind1=" " ind2=" " tag="010"><subfield code="a">sn 84029849 </subfield></datafield><datafield ind1=" " ind2=" " tag="040"><subfield code="a">KSH</subfield><subfield code="b">eng</subfield><subfield code="c">KSH</subfield><subfield code="d">NPT</subfield><subfield code="d">OBN</subfield><subfield code="d">OCL</subfield><subfield code="d">OCLCQ</subfield><subfield code="d">OCLCO</subfield></datafield><datafield ind1=" " ind2=" " tag="042"><subfield code="a">msc</subfield></datafield><datafield ind1=" " ind2=" " tag="043"><subfield code="a">n-us-ks</subfield></datafield><datafield ind1="0" ind2=" " tag="130"><subfield code="a">Dodge City democrat (Dodge City, Kan. : 1889)</subfield></datafield><datafield ind1="1" ind2="0" tag="245"><subfield code="a">Dodge City democrat.</subfield></datafield><datafield ind1=" " ind2=" " tag="260"><subfield code="a">Dodge City, Kan. :</subfield><subfield code="b">E.L. Mendenhall</subfield></datafield><datafield ind1=" " ind2=" " tag="300"><subfield code="a">v.</subfield></datafield><datafield ind1=" " ind2=" " tag="310"><subfield code="a">Weekly</subfield></datafield><datafield ind1="0" ind2=" " tag="362"><subfield code="a">Vol. 6, no. 1 (Jan. 12, 1889)-v. 21, no. 42 (May 26, 1905).</subfield></datafield><datafield ind1=" " ind2=" " tag="500"><subfield code="a">Published by W.F. Petillon, Dec. 21, 1889-May 26, 1905.</subfield></datafield><datafield ind1=" " ind2=" " tag="515"><subfield code="a">Suspended with May 19, 1889 issue; resumed with Dec. 21, 1889 issue.</subfield></datafield><datafield ind1=" " ind2="0" tag="651"><subfield code="a">Dodge City (Kan.)</subfield><subfield code="v">Newspapers.</subfield></datafield><datafield ind1=" " ind2="0" tag="651"><subfield code="a">Ford County (Kan.)</subfield><subfield code="x">Newspaper.</subfield></datafield><datafield ind1=" " ind2=" " tag="752"><subfield code="a">United States</subfield><subfield code="b">Kansas</subfield><subfield code="c">Ford</subfield><subfield code="d">Dodge City.</subfield></datafield><datafield ind1="0" ind2="0" tag="780"><subfield code="t">Dodge City weekly democrat</subfield><subfield code="w">(DLC)sn 84029848</subfield></datafield><datafield ind1="0" ind2="0" tag="785"><subfield code="t">Journal-democrat</subfield><subfield code="w">(DLC)sn 84029859</subfield></datafield></record>